@article {originalPaper,
	author = {Menche, J{\"o}rg and Sharma, Amitabh and Kitsak, Maksim and Ghiassian, Susan Dina and Vidal, Marc and Loscalzo, Joseph and Barab{\'a}si, Albert-L{\'a}szl{\'o}},
	title = {Uncovering disease-disease relationships through the incomplete interactome},
	volume = {347},
	number = {6224},
	year = {2015},
	doi = {10.1126/science.1257601},
	publisher = {American Association for the Advancement of Science},
	issn = {0036-8075},
	URL = {http://science.sciencemag.org/content/347/6224/1257601},
	eprint = {http://science.sciencemag.org/content/347/6224/1257601.full.pdf},
	journal = {Science}
}

@article{fluctuationGiantComponent,
	author = {Barraez, D. and Boucheron, S. and Fernandez De LaVega, W.},
	title = {On the Fluctuations of the Giant Component},
	journal = {Comb. Probab. Comput.},
	issue_date = {July 2000},
	volume = {9},
	number = {4},
	month = jul,
	year = {2000},
	issn = {0963-5483},
	pages = {287--304},
	numpages = {18},
	url = {http://dx.doi.org/10.1017/S0963548300004302},
	doi = {10.1017/S0963548300004302},
	acmid = {971207},
	publisher = {Cambridge University Press},
	address = {New York, NY, USA},
}

@article{inter-tools,
	author = {Catabia, Hannah and Smith, Carren and Ordov{\'a}s, José},
	title =  {Inter-Tools: a toolkit for interactome research},
	month = 6,
	year = {2017},
	doi = {10.1101/150706},
	url = {https://doi.org/10.1101/150706},
}

@article{estimatingTheSizeOfTheHumanInteractome,
  title={Estimating the size of the human interactome},
  author={Stumpf, Michael PH and Thorne, Thomas and de Silva, Eric and Stewart, Ronald and An, Hyeong Jun and Lappe, Michael and Wiuf, Carsten},
  journal={Proceedings of the National Academy of Sciences},
  volume={105},
  number={19},
  pages={6959--6964},
  year={2008},
  publisher={National Acad Sciences}
}

@article{ATruerMeasureOfOurIgnorance,
  title={A truer measure of our ignorance},
  author={Amaral, Luis A Nunes},
  journal={Proceedings of the National Academy of Sciences},
  volume={105},
  number={19},
  pages={6795--6796},
  year={2008},
  publisher={National Acad Sciences}
}

@article{MITABFormat,
  title={Broadening the horizon--level 2.5 of the HUPO-PSI format for molecular interactions},
  author={Kerrien, Samuel and Orchard, Sandra and Montecchi-Palazzi, Luisa and Aranda, Bruno and Quinn, Antony F and Vinod, Nisha and Bader, Gary D and Xenarios, Ioannis and Wojcik, J{\'e}r{\^o}me and Sherman, David and others},
  journal={BMC biology},
  volume={5},
  number={1},
  pages={44},
  year={2007},
  publisher={BioMed Central}
}

@article{ProteinProteinInteractionNetworks,
  title={SnapShot: Protein-protein interaction networks},
  author={Seebacher, Jan and Gavin, Anne-Claude},
  journal={Cell},
  volume={144},
  number={6},
  pages={1000--1000},
  year={2011},
  publisher={Cell Press}
}

@article{UnderstandingTheCellFunctionalOrganization,
  title={Network biology: understanding the cell's functional organization},
  author={Barabasi, Albert-Laszlo and Oltvai, Zoltan N},
  journal={Nature reviews. Genetics},
  volume={5},
  number={2},
  pages={101},
  year={2004},
  publisher={Nature Publishing Group}
}

@article{Yu2016extraction,
  title={The extraction of drug-disease correlations based on module distance in incomplete human interactome},
  author={Yu, Liang and Wang, Bingbo and Ma, Xiaoke and Gao, Lin},
  journal={BMC systems biology},
  volume={10},
  number={4},
  pages={111},
  year={2016},
  publisher={BioMed Central}
}

@article{mosca2013towards,
  title={Towards a detailed atlas of protein--protein interactions},
  author={Mosca, Roberto and Pons, Tirso and C{\'e}ol, Arnaud and Valencia, Alfonso and Aloy, Patrick},
  journal={Current opinion in structural biology},
  volume={23},
  number={6},
  pages={929--940},
  year={2013},
  publisher={Elsevier}
}

@article{sanchez1999grasping,
  title={Grasping at molecular interactions and genetic networks in Drosophila melanogaster using FlyNets, an Internet database},
  author={Sanchez, Catherine and Lachaize, Corinne and Janody, Florence and Bellon, Bernard and R{\"o}der, Laurence and Euzenat, J{\'e}r{\^o}me and Rechenmann, Fran{\c{c}}ois and Jacq, Bernard},
  journal={Nucleic acids research},
  volume={27},
  number={1},
  pages={89--94},
  year={1999},
  publisher={Oxford University Press}
}

@article{gazzo2015dida,
  title={DIDA: A curated and annotated digenic diseases database},
  author={Gazzo, Andrea M and Daneels, Dorien and Cilia, Elisa and Bonduelle, Maryse and Abramowicz, Marc and Van Dooren, Sonia and Smits, Guillaume and Lenaerts, Tom},
  journal={Nucleic acids research},
  volume={44},
  number={D1},
  pages={D900--D907},
  year={2015},
  publisher={Oxford University Press}
}

@article{chatr2017biogrid,
  title={The BioGRID interaction database: 2017 update},
  author={Chatr-aryamontri, Andrew and Oughtred, Rose and Boucher, Lorrie and Rust, Jennifer and Chang, Christie and Kolas, Nadine K and O'Donnell, Lara and Oster, Sara and Theesfeld, Chandra and Sellam, Adnane and others},
  journal={Nucleic acids research},
  volume={45},
  number={D1},
  pages={D369--D379},
  year={2017},
  publisher={Oxford University Press}
}

@article{licata2011mint,
  title={MINT, the molecular interaction database: 2012 update},
  author={Licata, Luana and Briganti, Leonardo and Peluso, Daniele and Perfetto, Livia and Iannuccelli, Marta and Galeota, Eugenia and Sacco, Francesca and Palma, Anita and Nardozza, Aurelio Pio and Santonico, Elena and others},
  journal={Nucleic acids research},
  volume={40},
  number={D1},
  pages={D857--D861},
  year={2011},
  publisher={Oxford University Press}
}

@article{kerrien2011intact,
  title={The IntAct molecular interaction database in 2012},
  author={Kerrien, Samuel and Aranda, Bruno and Breuza, Lionel and Bridge, Alan and Broackes-Carter, Fiona and Chen, Carol and Duesbury, Margaret and Dumousseau, Marine and Feuermann, Marc and Hinz, Ursula and others},
  journal={Nucleic acids research},
  volume={40},
  number={D1},
  pages={D841--D846},
  year={2011},
  publisher={Oxford University Press}
}

@article{matys2003transfac,
  title={TRANSFAC{\textregistered}: transcriptional regulation, from patterns to profiles},
  author={Matys, Vea and Fricke, Ellen and Geffers, R and G{\"o}{\ss}ling, Ellen and Haubrock, Martin and Hehl, R and Hornischer, Klaus and Karas, Dagmar and Kel, Alexander E and Kel-Margoulis, Olga V and others},
  journal={Nucleic acids research},
  volume={31},
  number={1},
  pages={374--378},
  year={2003},
  publisher={Oxford University Press}
}

@article{keshava2008HPRD,
  title={Human protein reference database—2009 update},
  author={Keshava Prasad, TS and Goel, Renu and Kandasamy, Kumaran and Keerthikumar, Shivakumar and Kumar, Sameer and Mathivanan, Suresh and Telikicherla, Deepthi and Raju, Rajesh and Shafreen, Beema and Venugopal, Abhilash and others},
  journal={Nucleic acids research},
  volume={37},
  number={suppl\_1},
  pages={D767--D772},
  year={2008},
  publisher={Oxford University Press}
}

@article{lee2008KEGG-BIGG,
  title={The implications of human metabolic network topology for disease comorbidity},
  author={Lee, D-S and Park, J and Kay, KA and Christakis, NA and Oltvai, ZN and Barab{\'a}si, A-L},
  journal={Proceedings of the National Academy of Sciences},
  volume={105},
  number={29},
  pages={9880--9885},
  year={2008},
  publisher={National Acad Sciences}
}

@article{ruepp2009corum,
  title={CORUM: the comprehensive resource of mammalian protein complexes—2009},
  author={Ruepp, Andreas and Waegele, Brigitte and Lechner, Martin and Brauner, Barbara and Dunger-Kaltenbach, Irmtraud and Fobo, Gisela and Frishman, Goar and Montrone, Corinna and Mewes, H-Werner},
  journal={Nucleic acids research},
  volume={38},
  number={suppl\_1},
  pages={D497--D501},
  year={2009},
  publisher={Oxford University Press}
}

@article{hornbeck2011phosphositeplus,
  title={PhosphoSitePlus: a comprehensive resource for investigating the structure and function of experimentally determined post-translational modifications in man and mouse},
  author={Hornbeck, Peter V and Kornhauser, Jon M and Tkachev, Sasha and Zhang, Bin and Skrzypek, El{\.z}bieta and Murray, Beth and Latham, Vaughan and Sullivan, Michael},
  journal={Nucleic acids research},
  volume={40},
  number={D1},
  pages={D261--D270},
  year={2011},
  publisher={Oxford University Press}
}

@article{salwinski2004DIP,
  title={The database of interacting proteins: 2004 update},
  author={Salwinski, Lukasz and Miller, Christopher S and Smith, Adam J and Pettit, Frank K and Bowie, James U and Eisenberg, David},
  journal={Nucleic acids research},
  volume={32},
  number={suppl\_1},
  pages={D449--D451},
  year={2004},
  publisher={Oxford University Press}
}


@article{amberger2008OMIM,
  title={McKusick's online Mendelian inheritance in man (OMIM{\textregistered})},
  author={Amberger, Joanna and Bocchini, Carol A and Scott, Alan F and Hamosh, Ada},
  journal={Nucleic acids research},
  volume={37},
  number={suppl\_1},
  pages={D793--D796},
  year={2008},
  publisher={Oxford University Press}
}

@article{ramos2014PhenGenI,
  title={Phenotype--Genotype Integrator (PheGenI): synthesizing genome-wide association study (GWAS) data with existing genomic resources},
  author={Ramos, Erin M and Hoffman, Douglas and Junkins, Heather A and Maglott, Donna and Phan, Lon and Sherry, Stephen T and Feolo, Mike and Hindorff, Lucia A},
  journal={European Journal of Human Genetics},
  volume={22},
  number={1},
  pages={144},
  year={2014},
  publisher={Nature Publishing Group}
}

@article{vidal2011interactome,
  title={Interactome networks and human disease},
  author={Vidal, Marc and Cusick, Michael E and Barab{\'a}si, Albert-L{\'a}szl{\'o}},
  journal={Cell},
  volume={144},
  number={6},
  pages={986--998},
  year={2011},
  publisher={Elsevier}
}

@article{barabasi2011network,
  title={Network medicine: a network-based approach to human disease},
  author={Barab{\'a}si, Albert-L{\'a}szl{\'o} and Gulbahce, Natali and Loscalzo, Joseph},
  journal={Nature reviews. Genetics},
  volume={12},
  number={1},
  pages={56},
  year={2011},
  publisher={NIH Public Access}
}

@article{hopkins2008network,
  title={Network pharmacology: the next paradigm in drug discovery},
  author={Hopkins, Andrew L},
  journal={Nature chemical biology},
  volume={4},
  number={11},
  pages={682--690},
  year={2008},
  publisher={Nature Publishing Group}
}

@article{goh2007human,
  title={The human disease network},
  author={Goh, Kwang-Il and Cusick, Michael E and Valle, David and Childs, Barton and Vidal, Marc and Barab{\'a}si, Albert-L{\'a}szl{\'o}},
  journal={Proceedings of the National Academy of Sciences},
  volume={104},
  number={21},
  pages={8685--8690},
  year={2007},
  publisher={National Acad Sciences}
}

@article{rolland2014proteome,
  title={A proteome-scale map of the human interactome network},
  author={Rolland, Thomas and Ta{\c{s}}an, Murat and Charloteaux, Benoit and Pevzner, Samuel J and Zhong, Quan and Sahni, Nidhi and Yi, Song and Lemmens, Irma and Fontanillo, Celia and Mosca, Roberto and others},
  journal={Cell},
  volume={159},
  number={5},
  pages={1212--1226},
  year={2014},
  publisher={Elsevier}
}

@article{caldera2017interactome,
  title={Interactome-Based Approaches to Human Disease},
  author={Caldera, Michael and Buphamalai, Pisanu and M{\"u}ller, Felix and Menche, J{\"o}rg},
  journal={Current Opinion in Systems Biology},
  year={2017},
  publisher={Elsevier}
}

