@book{Harary&Palmer1973,
      author="Harary F. and Palmer E.",
	  title="Graphical Enumeration",
	  year=1973,
	  publisher="Academic Press",
	  address="New York and London"}

@book{Bona&Noy2015,
     author="Bona M. and Noy M.",
     title="Handbook of Enumerative Combinatorics",
	 chapter=6,
	 year=2015,
	 publisher="CRC Press"
}
